
@article{Tsallis:2007:GeneralizedBoxMuller,
  author = {Thistleton, W. J. and Marsh, J. A. and Nelson, K. and Tsallis, C.},
  title = {Generalized Box-MÃ¼ller Method for Generating q-Gaussian Random Deviates},
  journal = {IEEE Trans. Inf. Theor.},
  issue_date = {December 2007},
  volume = {53},
  number = {12},
  month = dec,
  year = {2007},
  issn = {0018-9448},
  pages = {4805--4810},
  numpages = {6},
  doi = {10.1109/TIT.2007.909173},
  acmid = {2273064},
  publisher = {IEEE Press},
  address = {Piscataway, NJ, USA},
}

@book{Press:Numerical:Recipes,
  Author = {William H. Press},
  Title = {Numerical Recipes},
  Publisher = {Cambridge University Press},
  Year = {2007},
  ISBN = {0521880688},
}

@book{Sayama:2015:ComplexSystems,
	edition = {1st},
	title = {Introduction to the Modeling and Analysis of Complex Systems},
	isbn = {978-1-942341-09-3},
	url = {http://textbooks.opensuny.org/introduction-to-the-modeling-and-analysis-of-complex-systems/},
	language = {English},
	urldate = {2016-08-08},
	publisher = {Binghamton University, Suny},
	author = {{Hiroki Sayama}},
	year = {2015},
}
